@Book{Neukirch,
    author =	{Neukirch, J\"{u}rgen},
    title =	{Algebraic Number Theory},
    booktitle =	{Algebraic Number Theory},
    year =	1999,
    publisher =	{Springer-Verlag},
    isbn =	3540653996,
}

@Book{Bowman,
    author =	{Bowman, Frank},
    title =	{Introduction to Bessel Functions},
    booktitle =	{Introduction to Bessel Functions},
    year =	2010,
    publisher =	{Dover Publications},
}

@Book{EGM,
    author =	{Elstrodt, J\"{u}rgen and Grunewald, Fritz and Mennicke, Jens},
    title =	{Groups Acting on Hyperbolic Space: Harmonic Analysis and Number Theory},
    booktitle =	{Groups Acting on Hyperbolic Space: Harmonic Analysis and Number Theory},
    year =	1998,
    publisher =	{Springer-Verlag},
}




@Book{Ratcliffe,
    author =	{Ratcliffe, John},
    title =	{Foundations of Hyperbolic Manifolds},
    booktitle =	{Foundations of Hyperbolic Manifolds},
    year =	1994,
    publisher =	{Springer-Verlag},
}

@Book{BH,
    author =	{Bridson, Martin and Haefliger, Andr\'{e}},
    title =	{Metric Spaces of Non-Positive Curvature},
    booktitle =	{Metric Spaces of Non-Positive Curvature},
    year =	1999,
    publisher =	{Springer-Verlag},
}


@Book{BP,
    author =	{Benedetti, Riccardo and Petronio, Carlo},
    title =	{Lectures on Hyperbolic Geometry},
    booktitle =	{Lectures on Hyperbolic Geometry},
    year =	1992,
    publisher =	{Springer-Verlag},
}

@Book{Freitag,
    author =	{Freitag, Eberhard},
    title =	{Hilbert Modular Forms},
    booktitle =	{Hilbert Modular Forms},
    year =	1990,
    publisher =	{Springer-Verlag},
}

@Book{DS,
    author =	{Diamond, Fred and Shurman, Jerry},
    title =	{A First Course in Modular Forms},
    booktitle =	{A First Course in Modular Forms},
    year =	2005,
    publisher =	{Springer},
}


@Book{Hida,
    author =	{Hida, Haruzo},
    title =	{Hilbert Modular Forms and Iwasawa Theory},
    booktitle =	{Hilbert Modular Forms and Iwasawa Theory},
    year =	1990,
    series = {Oxford Mathematical Monographs},
    publisher =	{Oxford University Press},
}

@Book{Evans,
    author =	{Evans, Lawrence},
    title =	{Partial Differential Equations},
    booktitle =	{Partial Differential Equations},
    edition = {2nd},
    year =	2010,
    series = {Graduate Studies in Mathematics},
    publisher =	{American Mathematical Society},
}

@Book{Zwill,
    author =	{Zwillinger, Daniel},
    title =	{Handbook of Differential Equations},
    booktitle =	{Handbook of Differential Equations},
    edition = {3rd},
    year =	1998,
    publisher =	{Academic Press},
}

@Book{Miyake,
    author =	{Miyake, Toshitsune},
    title =	{Modular Forms},
    booktitle =	{Modular Forms},
    year =	1989,
    publisher =	{Springer},
}


@Book{MurtyEsmonde,
    author =	{Murty, M. Ram and Esmonde, Jody},
    title =	{Problems in Algebraic Number Theory},
    booktitle =	{Problems in Algebraic Number Theory},
    year =	2005,
    edition = {2nd},
    publisher =	{Springer},
}

@Book{Marcus,
    author =	{Marcus, Daniel},
    title =	{Number Fields},
    booktitle =	{Number Fields},
    year =	1977,
    publisher =	{Springer},
}

@Book{Lang,
    author =	{Lang, Serge},
    title =	{Algebraic Number Theory},
    booktitle =	{Algebraic Number Theory},
    year =	1994,
    edition = {2nd},
    publisher =	{Springer-Verlag},
    isbn =	3540942254,
}

@Book{Geer,
    author =	{Geer, Gerard van der},
    title =	{Hilbert Modular Surfaces},
    booktitle =	{Hilbert Modular Surfaces},
    year =	1988,
    publisher =	{Springer-Verlag},
    isbn =	3540176012,
}

@Book{IK,
    author =	{Iwaniec, Henryk and Kowalski, Emmanuel},
    title =	{Analytic Number Theory},
    booktitle =	{Analytic Number Theory},
    year =	2004,
    volume = 53,
    publisher =	{American Mathematical Society},
}


@Book{Iwaniec,
    author =	{Iwaniec, Henryk},
    title =	{Spectral Methods of Automorphic Forms},
    booktitle =	{Spectral Methods of Automorphic Forms},
    year =	2002,
    edition = {2},
    series = {Graduate Studies in Mathematics},
    volume = 53,
    publisher =	{American Mathematical Society},
    isbn =	0821831607,
}

@Article{RS,
    author =	{Rudnick, Zeev and Sarnak, Peter},
    title =	{{T}he behaviour of eigenstates of arithmetic hyperbolic manifolds},
    year =	1994,
    journal = {Comm. Math. Phys.},
    volume = 161,
    pages = {195--213},
}

@Article{LS,
    author =	{Luo, Wenzhi and Sarnak, Peter},
    title =	{{Q}uantum ergodicity of eigenfunctions on $\text{PSL}_2(\mathbb{Z})\backslash \mathbb{H}^2$},
    year =	1995,
    journal = {Inst. Hautes \'{E}tudes Sci. Publ. Math.},
    volume = 81,
    pages = {207--237},
}

@Article{Jakob,
    author =	{Jakobson, Dmitry},
    title =	{{Q}uantum unique ergodicity for {E}isenstein series on $\text{PSL}_2(\mathbb{Z})\backslash \text{PSL}_2(\mathbb{R})$},
    year =	1994,
    journal = {Ann. Inst. Fourier},
    volume = 44,
    pages = {1477--1504},
}

@Article{Linden,
    author =	{Lindenstrauss, Elon},
    title =	{{I}nvariant measures and arithmetic quantum unique ergodicity.},
    year =	2006,
    journal = {Ann. of Math.},
    volume = 163,
    pages = {165--219},
}

@unpublished{Einsiedler,
    author =	{Einsiedler, Manfred and Ward, Thomas},
    title =	{{A}rithmetic {Q}uantum {U}nique {E}rgodicity for ${\Gamma} \backslash \mathbb{H}$},
    year =	2010,
    note = {Lecture notes.},
}

@Article{Hirze,
    author =	{Hirzebruch, Friedrich},
    title =	{{Hilbert Modular Surfaces}},
    year =	1973,
    journal = {L'Ens. Math.},
    volume = 71,
    pages = {183--281},
}




@Article{EKL,
    author =	{Einsiedler, Manfred and Katok, Anatole and Lindenstrauss, Elon},
    title =	{{Invariant measures and the set of exceptions to Littlewoods conjecture.}},
    year =	2006,
    journal = {Ann. of Math. (2)},
    number = 2,
    volume = 164,
    pages = {513--560},
}

@Article{BL,
    author =	{Bourgain, Jean and Lindenstrauss, Elon},
    title =	{{Entropy of Quantum Limits.}},
    year =	2003,
    journal = {Comm. Math. Phys.},
    number = 1,
    volume = 233,
    pages = {153--171},
}

@Article{Sound,
    author =	{Soundararajan, Kannan},
    title =	{{Quantum Unique Ergodicity for $\text{SL}_2(\mathbb{Z}) \backslash \mathbb{H}$}},
    year =	2010,
    journal = {Ann. of Math. (2)},
    number = 2,
    volume = 172,
    pages = {1529--1538},
}

@incollection{CF,
    author =	{Heilbronn, Hans},
    title =	{{Zeta functions and $L$-functions.}},
    booktitle = {Algebraic Number Theory.},
    year =	1967,
    editor = {Cassels, J.W.S and Fr\"{o}hlich, A.},
    publisher = {Academic Press},
    pages = {204--230},
}

@incollection{CFKP,
    author =	{Cannon, James and Floyd, William and Kenyon, Richard and Parry, Walter},
    title =	{{Hyperbolic Geometry.}},
    booktitle = {Flavours of Geometry.},
    year =	1997,
    editor = {S. Levy},
    publisher = {MSRI Publications},
    volume = 31,
    pages = {59--115},
}

@incollection{Marklof,
    author =	{Marklof, Jens},
    title =	{{Arithmetic quantum chaos.}},
    booktitle = {Encyclopedia of Mathematical Physics.},
    year =	2006,
    editor = {J.-P. Francoise and G.L. Naber and S.T. Tsou},
    publisher = {Elsevier},
    volume = 1,
    pages = {212--220},
}

@Article{Sarnak,
    author =	{Sarnak, Peter},
    title =	{{Recent Progress on the Quantum Unique Ergodicity Conjecture}},
    year =	2011,
    journal = {Bull. Amer. Math. Soc.},
    volume = 48,
    pages = {211--228},
}

@Article{SV1,
    author =	{Silberman, Lior and Venkatesh, Akshay},
    title =	{{On Quantum Unique Ergodicity for Locally Symmetric Spaces I}},
    year =	2007,
    journal = {Geom. Funct. Anal.},
    number = 3,
    volume = 17,
    pages = {960--998},
}

@unpublished{SV2,
    author =	{Silberman, Lior and Venkatesh, Akshay},
    title =	{{On Quantum Unique Ergodicity for Locally Symmetric Spaces II}},
    year = 2011,
    note = {To appear in GAFA. Available at \texttt{http://arxiv.org/abs/1104.0074}}
}

@PhDThesis{Silberman,
    author =	{Silberman, Lior},
    title =	{{Arithmetic Quantum Chaos on Locally Symmetric Spaces}},
    year =	2005,
    school = {Princeton University},
    pages = {94 pp.},
    isbn =	{978-0542-30710-2},
}

